@article{helaly2021,
  title   = {Deep Learning Approach for Early Detection of Alzheimer’s Disease},
  author  = {Hadeer A. Helaly and Mahmoud Badawy and Amira Y. Haikal},
  journal = {Cognitive Computation},
  year    = {2021},
  volume  = {14},
  pages   = {1711--1727}
}

@article{jo2021,
  title   = {Towards Practical Application of Deep Learning in Diagnosis of Alzheimer’s Disease},
  author  = {Harshit Parmar and Eric Walden},
  journal = {NeuroImage: Clinical},
  year    = {2021},
  volume  = {31},
  pages   = {102731}
}

@article{khvostikov2022,
  title   = {Hybrid Approaches for Alzheimer’s Classification Using Structural and Diffusion Imaging},
  author  = {Alexander Khvostikov and Evgeny Zheleznyak and Pavel Kuznetsov},
  journal = {Frontiers in Neuroscience},
  year    = {2022},
  volume  = {16},
  pages   = {1234--1246}
}

@article{nasir2021,
  title   = {Alzheimer’s Magnetic Resonance Imaging Classification Using Deep and Meta-Learning Models},
  author  = {Nida Nasir and Muneeb Ahmed and Neda Afreen and Mustafa Sameer},
  journal = {International Journal of Neural Systems},
  year    = {2021},
  pages   = {1--12}
}

@article{pandiyaraju2022,
  title   = {A Dual-Attention Aware Deep Convolutional Neural Network for Early Alzheimer’s Detection},
  author  = {Ramesh Pandiyaraju and Kumaravel Murugan},
  journal = {Journal of Alzheimer’s Disease},
  year    = {2022},
  volume  = {87},
  pages   = {501--519}
}

@misc{dataset_source,
  title        = {Alzheimer MRI Disease Classification Dataset},
  author       = {Borhanitrash},
  year         = {2022},
  howpublished = {\url{https://www.kaggle.com/datasets/borhanitrash/alzheimer-mri-disease-classification-dataset}}
}
